<?xml version="1.0" encoding="UTF-8"?><collection xmlns="http://www.loc.gov/MARC21/slim"><record><leader>00463nam--2200133-i-4500</leader><controlfield tag="001">000043051</controlfield><controlfield tag="002">20161230</controlfield><controlfield tag="005">20161230201043</controlfield><controlfield tag="008">060222s1000------------r-----000-0-eng-d</controlfield><datafield ind1=" " ind2=" " tag="080"><subfield code="a">621.375.826(043)</subfield></datafield><datafield ind1=" " ind2=" " tag="100"><subfield code="a">Storr,Johannes Bernhard</subfield></datafield><datafield ind1=" " ind2=" " tag="245"><subfield code="a">Lasespektroskopische untersuchungen zum besetzungstransfer zwischen den hyperfeinstruktur-niveaus des 5  3 p1-zustandes von 113 cd. dissertation</subfield></datafield><datafield ind1=" " ind2=" " tag="260"><subfield code="a">Tubingen, Fakultat Fur Physik, 1987. 82 P</subfield></datafield><datafield ind1=" " ind2=" " tag="852"><subfield code="a">74327</subfield></datafield></record></collection>